@manual{AT91LED,
author ={ATMEL},
title ={User Guide - AT91RM9200-EK Evaluation Board},
note={Page 25},
year ={2006},
}

@manual{AT91Overview,
author ={ATMEL},
title ={ARM920T-based Microcontroller},
note	={Page 25, Rev. 1768I},
year ={09-Jul-2009},
}

@manual{BDIUSERMAN,
author ={Abatron AG},
title ={bdiGDB JTAG interface for GNU Debugger - ARM7 / ARM9 - User Manual},
note	={Page 46, Version 1.17},
year ={2005},
}

@manual{AT91AIC,
author ={ATMEL},
title ={ARM920T-based Microcontroller},
note	={\acs{AIC} - Page 239-260, Rev. 1768I},
year ={09-Jul-2009},
}

@manual{AT91RTC,
author ={ATMEL},
title ={ARM920T-based Microcontroller},
note	={\acs{RTC} - Page 305-320, Rev. 1768I},
year ={09-Jul-2009},
}

@manual{AT91DMA,
author ={ATMEL},
title ={ARM920T-based Microcontroller},
note	={\acs{DMA} - Page 229-238, Rev. 1768I},
year ={09-Jul-2009},
}

@manual{AT91PIO,
author ={ATMEL},
title ={ARM920T-based Microcontroller},
note	={\acs{PIO} - Page 345-370, Rev. 1768I},
year ={09-Jul-2009},
}

@manual{AT91PMC,
author ={ATMEL},
title ={ARM920T-based Microcontroller},
note	={\acs{PMC} - Page 261-291, Rev. 1768I},
year ={09-Jul-2009},
}

@manual{sharp,
author ={SHARP},
title ={GP2Y0D02YK0F, Distance Measuring Sensor Unit, Digital output (80 cm) type},
note	={Sheet No.: E4-A00501EN},
year ={01-Dec-2006},
}

@manual{TFTPWIKI,
author ={Wikipedia},
title     ={Trivial File Transfer Protocol},
note   ={\url{http://en.wikipedia.org/wiki/Trivial_File_Transfer_Protocol}, {Date: 20.05.2014}},
}


@manual{UNISTG,
author ={Ahmed Fathy Mohammed Abdelrazek - University Stuttgart},
title     ={Exception and Interrupt Handling in ARM},
note   ={},
}